@article{yukawa1950quantum,
  title={Quantum theory of non-local fields. {P}art {I}. {F}ree fields},
  author={Yukawa, Hideki},
  journal={Physical Review},
  volume={77},
  number={2},
  pages={219},
  year={1950},
  publisher={APS}
}

@article{sakamura1989tron,
  title={The TRON project},
  author={Sakamura, Ken},
  journal={Microprocessors and Microsystems},
  volume={13},
  number={8},
  pages={493--502},
  year={1989},
  publisher={Elsevier}
}
